<record><leader>02917pam a2200505 i 4500</leader><controlfield tag="001">6765731</controlfield><controlfield tag="003">OCoLC</controlfield><controlfield tag="005">20141205165947.0</controlfield><controlfield tag="008">140617s2015    nyu      b    001 0beng  </controlfield><datafield ind1=" " ind2=" " tag="010"><subfield code="a">  2014012611</subfield></datafield><datafield ind1=" " ind2=" " tag="020"><subfield code="a">9780415820196 (hardback)</subfield></datafield><datafield ind1=" " ind2=" " tag="020"><subfield code="a">0415820197 (hardback)</subfield></datafield><datafield ind1=" " ind2=" " tag="020"><subfield code="a">9780415820202 (paperback)</subfield></datafield><datafield ind1=" " ind2=" " tag="020"><subfield code="a">0415820200 (paperback)</subfield></datafield><datafield ind1=" " ind2=" " tag="020"><subfield code="z">9780203409152 (e-book)</subfield></datafield><datafield ind1=" " ind2=" " tag="035"><subfield code="a">ocn894622972</subfield></datafield><datafield ind1=" " ind2=" " tag="040"><subfield code="a">DLC</subfield><subfield code="b">eng</subfield><subfield code="e">rda</subfield><subfield code="c">DLC</subfield><subfield code="d">YDXCP</subfield><subfield code="d">BTCTA</subfield><subfield code="d">ERASA</subfield><subfield code="d">OCLCO</subfield><subfield code="d">BDX</subfield><subfield code="d">OCLCF</subfield><subfield code="d">NKM</subfield><subfield code="d">UAB</subfield></datafield><datafield ind1=" " ind2=" " tag="042"><subfield code="a">pcc</subfield></datafield><datafield ind1=" " ind2=" " tag="043"><subfield code="a">n-us---</subfield></datafield><datafield ind1="0" ind2="0" tag="050"><subfield code="a">PS3545.I342</subfield><subfield code="b">Z73 2015</subfield></datafield><datafield ind1="0" ind2="0" tag="082"><subfield code="a">813/.52</subfield><subfield code="a">B</subfield><subfield code="2">23</subfield></datafield><datafield ind1=" " ind2=" " tag="084"><subfield code="a">HIS036040</subfield><subfield code="a">LIT004290</subfield><subfield code="a">LIT009000</subfield><subfield code="2">bisacsh</subfield></datafield><datafield ind1=" " ind2=" " tag="090"><subfield code="a">PS 3545 I265 Z73 2015</subfield><subfield code="b">AEU</subfield></datafield><datafield ind1="1" ind2=" " tag="100"><subfield code="a">Ketcham, Sallie,</subfield><subfield code="e">author.</subfield></datafield><datafield ind1="1" ind2="0" tag="245"><subfield code="a">Laura Ingalls Wilder :</subfield><subfield code="b">American writer on the prairie /</subfield><subfield code="c">Sallie Ketcham.</subfield></datafield><datafield ind1=" " ind2="1" tag="264"><subfield code="a">New York :</subfield><subfield code="b">Routledge, Taylor &amp; Francis Group,</subfield><subfield code="c">2015.</subfield></datafield><datafield ind1=" " ind2=" " tag="300"><subfield code="a">x, 169 pages ;</subfield><subfield code="c">23 cm.</subfield></datafield><datafield ind1=" " ind2=" " tag="336"><subfield code="a">text</subfield><subfield code="2">rdacontent</subfield></datafield><datafield ind1=" " ind2=" " tag="337"><subfield code="a">unmediated</subfield><subfield code="2">rdamedia</subfield></datafield><datafield ind1=" " ind2=" " tag="338"><subfield code="a">volume</subfield><subfield code="2">rdacarrier</subfield></datafield><datafield ind1="1" ind2=" " tag="490"><subfield code="a">Routledge historical Americans</subfield></datafield><datafield ind1=" " ind2=" " tag="504"><subfield code="a">Includes bibliographical references (pages 163-166) and index.</subfield></datafield><datafield ind1=" " ind2=" " tag="520"><subfield code="a">"Laura Ingalls Wilder wrote stories that have defined the American frontier for generations of readers. As both author and character in her own books, she became one of the most famous figures in American children's literature. Her famous Little House on the Prairie series, based on her childhood in Wisconsin, Kansas, Minnesota, and South Dakota, blended memoir and fiction into a vivid depiction of 19th-century settler life that continues to shape many Americans' understanding of the country's past. Poised between fiction and fact, literature and history, Wilder's life is a fascinating window on the American west. Placing Wilder's life and work in historical context, and including previously unpublished material from the Wilder archives, Sallie Ketcham introduces students to domestic frontier life, the conflict between Native Americans and infringing white populations, and the West in public memory and imagination"--</subfield><subfield code="c">Provided by publisher.</subfield></datafield><datafield ind1=" " ind2=" " tag="596"><subfield code="a">16</subfield></datafield><datafield ind1="1" ind2="0" tag="600"><subfield code="a">Wilder, Laura Ingalls,</subfield><subfield code="d">1867-1957.</subfield></datafield><datafield ind1="1" ind2="0" tag="600"><subfield code="a">Wilder, Laura Ingalls,</subfield><subfield code="d">1867-1957.</subfield><subfield code="t">Little house books.</subfield></datafield><datafield ind1="1" ind2="0" tag="600"><subfield code="a">Wilder, Laura Ingalls,</subfield><subfield code="d">1867-1957</subfield><subfield code="x">Political and social views.</subfield></datafield><datafield ind1="1" ind2="0" tag="600"><subfield code="a">Wilder, Laura Ingalls,</subfield><subfield code="d">1867-1957</subfield><subfield code="x">Criticism and interpretation.</subfield></datafield><datafield ind1=" " ind2="0" tag="650"><subfield code="a">Autobiographical fiction, American</subfield><subfield code="x">History and criticism.</subfield></datafield><datafield ind1=" " ind2="0" tag="650"><subfield code="a">Authors, American</subfield><subfield code="y">20th century</subfield><subfield code="v">Biography.</subfield></datafield><datafield ind1=" " ind2="0" tag="650"><subfield code="a">Women pioneers</subfield><subfield code="z">United States</subfield><subfield code="v">Biography.</subfield></datafield><datafield ind1=" " ind2="0" tag="650"><subfield code="a">Frontier and pioneer life</subfield><subfield code="z">United States.</subfield></datafield><datafield ind1=" " ind2="0" tag="830"><subfield code="a">Routledge historical Americans.</subfield></datafield><datafield ind1=" " ind2=" " tag="949"><subfield code="a">PS 3545 I265 Z73 2015</subfield><subfield code="c">1</subfield><subfield code="h">UAAU-B</subfield><subfield code="i">0162035205457</subfield></datafield><datafield ind1=" " ind2=" " tag="926"><subfield code="a">PS 3545 I265 Z73 2015</subfield><subfield code="w">LC</subfield><subfield code="c">1</subfield><subfield code="i">0162035205457</subfield><subfield code="l">ON_SHELF</subfield><subfield code="m">UAAUG</subfield><subfield code="p">$150.00</subfield><subfield code="r">Y</subfield><subfield code="s">Y</subfield><subfield code="t">BOOK</subfield><subfield code="u">1/6/2015</subfield></datafield></record>